<?xml version="1.0" encoding="UTF-8"?><collection xmlns="http://www.loc.gov/MARC21/slim"><record><leader>00640nam--2200193-u-4500</leader><controlfield tag="001">000053380</controlfield><controlfield tag="002">20161230</controlfield><controlfield tag="005">20161230201051</controlfield><controlfield tag="008">110322s1000------------r-----000-0-eng-d</controlfield><datafield ind1=" " ind2=" " tag="020"><subfield code="a">0792350723</subfield></datafield><datafield ind1=" " ind2=" " tag="040"><subfield code="a">IFIN-HH</subfield></datafield><datafield ind1=" " ind2=" " tag="080"><subfield code="a">530.182:519.6:530.145.6(0.0064)</subfield></datafield><datafield ind1="1" ind2=" " tag="100"><subfield code="a">Boyd, John P</subfield></datafield><datafield ind1="1" ind2="0" tag="245"><subfield code="a">Weakly nonlocal soltary waves and beyond-all-orders asymptotics</subfield><subfield code="b">Generalized solitons and hyperasymptotic perturbation theory</subfield><subfield code="c">John p. boyd</subfield></datafield><datafield ind1=" " ind2=" " tag="260"><subfield code="a">Dordrecht</subfield><subfield code="b">Kluwer Academic Publishers</subfield><subfield code="c">1998</subfield></datafield><datafield ind1=" " ind2=" " tag="300"><subfield code="a">590P</subfield></datafield><datafield ind1=" " ind2=" " tag="490"><subfield code="a">Mathematics And Its Applications</subfield><subfield code="v">Vol. 442</subfield></datafield><datafield ind1=" " ind2=" " tag="852"><subfield code="a">81569</subfield><subfield code="c">530.1</subfield></datafield><datafield ind1=" " ind2=" " tag="CAT"><subfield code="a">Sys</subfield><subfield code="c">20110322</subfield><subfield code="h">155918</subfield></datafield></record></collection>